<records xmlns="http://www.openarchives.org/OAI/2.0/">
<record>
  <header>
    <identifier>oai:mst.rochester.edu:marcnormalization/165</identifier>
    <datestamp />
    <predecessors>
      <predecessor>oai:mst.rochester.edu:167</predecessor>
    </predecessors>
    <setSpec>MARCXML Bibliographic Records</setSpec>
    <status>active</status>
  </header>
  <metadata>
    <marc:record xmlns:marc="http://www.loc.gov/MARC21/slim" xmlns:xsi="http://www.w3.org/2001/XMLSchema-instance" xsi:schemaLocation="http://www.loc.gov/MARC21/slim http://www.loc.gov/standards/marcxml/schema/MARC21slim.xsd">
      <marc:leader>01080pam a22003130  45 A</marc:leader>
      <marc:controlfield tag="001">811369</marc:controlfield>
      <marc:controlfield tag="008">840406s1984    nyua          001 0 eng</marc:controlfield>
      <marc:datafield tag="010" ind1=" " ind2=" ">
        <marc:subfield code="a">84005495</marc:subfield>
      </marc:datafield>
      <marc:datafield tag="020" ind1=" " ind2=" ">
        <marc:subfield code="a">0387909710</marc:subfield>
      </marc:datafield>
      <marc:datafield tag="035" ind1=" " ind2=" ">
        <marc:subfield code="a">(OCoLC)10726748</marc:subfield>
      </marc:datafield>
      <marc:datafield tag="035" ind1=" " ind2=" ">
        <marc:subfield code="9">00747845</marc:subfield>
      </marc:datafield>
      <marc:datafield tag="040" ind1=" " ind2=" ">
        <marc:subfield code="a">DLC</marc:subfield>
        <marc:subfield code="c">DLC</marc:subfield>
        <marc:subfield code="d">m/c</marc:subfield>
        <marc:subfield code="d">RRR</marc:subfield>
      </marc:datafield>
      <marc:datafield tag="041" ind1="1" ind2=" ">
        <marc:subfield code="a">eng</marc:subfield>
        <marc:subfield code="h">fre</marc:subfield>
      </marc:datafield>
      <marc:datafield tag="049" ind1=" " ind2=" ">
        <marc:subfield code="a">RRRC</marc:subfield>
      </marc:datafield>
      <marc:datafield tag="050" ind1="0" ind2=" ">
        <marc:subfield code="a">QA445</marc:subfield>
        <marc:subfield code="b">.G44513 1984</marc:subfield>
      </marc:datafield>
      <marc:datafield tag="099" ind1=" " ind2=" ">
        <marc:subfield code="a">QA445 .G44513 1984</marc:subfield>
      </marc:datafield>
      <marc:datafield tag="130" ind1="0" ind2=" ">
        <marc:subfield code="a">Géométrie, problèmes de géométrie commentés et rédigés.</marc:subfield>
        <marc:subfield code="l">English.</marc:subfield>
      </marc:datafield>
      <marc:datafield tag="245" ind1="1" ind2="0">
        <marc:subfield code="a">Problems in geometry /</marc:subfield>
        <marc:subfield code="c">Marcel Berger ... [et al.] ; translated by Silvio Levy.</marc:subfield>
      </marc:datafield>
      <marc:datafield tag="260" ind1=" " ind2=" ">
        <marc:subfield code="a">New York :</marc:subfield>
        <marc:subfield code="b">Springer-Verlag,</marc:subfield>
        <marc:subfield code="c">c1984.</marc:subfield>
      </marc:datafield>
      <marc:datafield tag="300" ind1=" " ind2=" ">
        <marc:subfield code="a">viii, 266 p. :</marc:subfield>
        <marc:subfield code="b">ill. ;</marc:subfield>
        <marc:subfield code="c">25 cm.</marc:subfield>
      </marc:datafield>
      <marc:datafield tag="490" ind1="1" ind2=" ">
        <marc:subfield code="a">Problem books in mathematics</marc:subfield>
      </marc:datafield>
      <marc:datafield tag="500" ind1=" " ind2=" ">
        <marc:subfield code="a">Translation of: Géométrie, problèmes de géométrie commentés et rédigés.</marc:subfield>
      </marc:datafield>
      <marc:datafield tag="500" ind1=" " ind2=" ">
        <marc:subfield code="a">Includes index.</marc:subfield>
      </marc:datafield>
      <marc:datafield tag="650" ind1=" " ind2="0">
        <marc:subfield code="a">Geometry</marc:subfield>
        <marc:subfield code="x">Problems, exercises, etc.</marc:subfield>
      </marc:datafield>
      <marc:datafield tag="700" ind1="1" ind2=" ">
        <marc:subfield code="a">Berger, Marcel,</marc:subfield>
        <marc:subfield code="d">1927-</marc:subfield>
      </marc:datafield>
      <marc:datafield tag="830" ind1=" " ind2="0">
        <marc:subfield code="a">Problem books in mathematics</marc:subfield>
      </marc:datafield>
      <marc:datafield tag="910" ind1=" " ind2=" ">
        <marc:subfield code="a">950906</marc:subfield>
      </marc:datafield>
      <marc:datafield tag="911" ind1=" " ind2=" ">
        <marc:subfield code="a">p</marc:subfield>
      </marc:datafield>
      <marc:datafield tag="966" ind1=" " ind2=" ">
        <marc:subfield code="l">Cstack</marc:subfield>
        <marc:subfield code="m">SCIMON</marc:subfield>
        <marc:subfield code="s">QA445 .G44513 1984</marc:subfield>
        <marc:subfield code="b">39087010118752</marc:subfield>
      </marc:datafield>
      <marc:datafield tag="931" ind1="beluga" ind2=" ">
        <marc:subfield code="a">Text</marc:subfield>
        <marc:subfield code="5">NRU</marc:subfield>
      </marc:datafield>
      <marc:datafield tag="932" ind1="beluga" ind2=" ">
        <marc:subfield code="a">Language material</marc:subfield>
        <marc:subfield code="5">NRU</marc:subfield>
      </marc:datafield>
      <marc:datafield tag="933" ind1="beluga" ind2=" ">
        <marc:subfield code="a">Text</marc:subfield>
        <marc:subfield code="5">NRU</marc:subfield>
      </marc:datafield>
      <marc:datafield tag="935" ind1="beluga" ind2=" ">
        <marc:subfield code="a">Monograph/Item</marc:subfield>
        <marc:subfield code="5">NRU</marc:subfield>
      </marc:datafield>
      <marc:datafield tag="937" ind1="beluga" ind2=" ">
        <marc:subfield code="a">Non-Fiction</marc:subfield>
        <marc:subfield code="5">NRU</marc:subfield>
      </marc:datafield>
      <marc:datafield tag="941" ind1="beluga" ind2=" ">
        <marc:subfield code="a">eng</marc:subfield>
        <marc:subfield code="5">NRU</marc:subfield>
      </marc:datafield>
      <marc:datafield tag="943" ind1="beluga" ind2=" ">
        <marc:subfield code="a">English</marc:subfield>
        <marc:subfield code="5">NRU</marc:subfield>
      </marc:datafield>
      <marc:datafield tag="947" ind1="beluga" ind2=" ">
        <marc:subfield code="a">0387909710</marc:subfield>
        <marc:subfield code="5">NRU</marc:subfield>
      </marc:datafield>
      <marc:controlfield tag="003">NRU</marc:controlfield>
      <marc:datafield tag="035" ind1="beluga" ind2=" ">
        <marc:subfield code="a">(NRU)811369</marc:subfield>
      </marc:datafield>
      <marc:datafield tag="965" ind1="beluga2" ind2="0">
        <marc:subfield code="a">Geometry</marc:subfield>
        <marc:subfield code="5">NRU</marc:subfield>
      </marc:datafield>
      <marc:datafield tag="965" ind1="beluga4" ind2="0">
        <marc:subfield code="x">Problems, exercises, etc.</marc:subfield>
        <marc:subfield code="5">NRU</marc:subfield>
      </marc:datafield>
    </marc:record>
  </metadata>
</record>
</records>
